<?xml version="1.0" encoding="UTF-8"?><collection xmlns="http://www.loc.gov/MARC21/slim"><record><leader>00372nam--2200145-i-4500</leader><controlfield tag="001">000031293</controlfield><controlfield tag="002">20161230</controlfield><controlfield tag="005">20161230201038</controlfield><controlfield tag="008">060222s1000------------r-----000-0-eng-d</controlfield><datafield ind1=" " ind2=" " tag="080"><subfield code="a">541.28:541.15:539.12.04</subfield></datafield><datafield ind1=" " ind2=" " tag="100"><subfield code="a">Mckay, H.A.C</subfield></datafield><datafield ind1=" " ind2=" " tag="245"><subfield code="a">Principles of radiochemistry</subfield></datafield><datafield ind1=" " ind2=" " tag="260"><subfield code="a">London, Butterworths, 1971, 550p</subfield></datafield><datafield ind1=" " ind2=" " tag="490"><subfield code="a">The Butterworth Group</subfield></datafield><datafield ind1=" " ind2=" " tag="852"><subfield code="a">36504</subfield></datafield></record></collection>